
@inproceedings{zhao:2011,
  author = "Wayne Xin Zhao, Jing Jiang, Jianshu Weng, Jing He, Ee-Peng Lim, Hongfei Yan, Xiaoming Li",
  title = "Comparing Twitter and Traditional Media Using Topic Models",
  booktitle = "{Advances in Information Retrieval}",
  year = 2011
  pages = {338-349}
  }
%33rd European Conference on IR Research, ECIR 2011, Dublin, Ireland, April 18-21, 2011. Proceedings

@inproceedings{kimmig:probprog12,
  author = "Kimmig, Angelika and Bach, Stephen H. and Broecheler, Matthias and Huang, Bert and Getoor, Lise",
  title = "A Short Introduction to Probabilistic Soft Logic",
  booktitle = "{NIPS Workshop on Probabilistic Programming: Foundations and Applications}",
  year = 2012
  }
  
@InProceedings{bach:uai13,
  author       = "Bach, Stephen H. and Huang, Bert and London, Ben and Getoor, Lise",
  title        = "Hinge-loss {M}arkov Random Fields: Convex Inference for Structured Prediction",
  booktitle    = "Uncertainty in Artificial Intelligence",
  year         = "2013",
}