@inproceedings{Tsugawa:2015:NMS:2817946.2817962,
 author = {Tsugawa, Sho and Ohsaki, Hiroyuki},
 title = {Negative Messages Spread Rapidly and Widely on Social Media},
 booktitle = {Proceedings of the 2015 ACM on Conference on Online Social Networks},
 series = {COSN '15},
 year = {2015},
 isbn = {978-1-4503-3951-3},
 location = {Palo Alto, California, USA},
 pages = {151--160},
 numpages = {10},
 url = {http://doi.acm.org/10.1145/2817946.2817962},
 doi = {10.1145/2817946.2817962},
 acmid = {2817962},
 publisher = {ACM},
 address = {New York, NY, USA},
 keywords = {information diffusion, retweet, sentiment, social media, twitter},
} 


@inproceedings{DBLP:conf/aaai/KimZCOL13,
  author    = {Suin Kim and
               Jianwen Zhang and
               Zheng Chen and
               Alice H. Oh and
               Shixia Liu},
  title     = {A Hierarchical Aspect-Sentiment Model for Online Reviews},
  booktitle = {Proceedings of the Twenty-Seventh {AAAI} Conference on Artificial
               Intelligence, July 14-18, 2013, Bellevue, Washington, {USA.}},
  year      = {2013},
  crossref  = {DBLP:conf/aaai/2013},
  url       = {http://www.aaai.org/ocs/index.php/AAAI/AAAI13/paper/view/6486},
  timestamp = {Tue, 17 Dec 2013 19:26:12 +0100},
  biburl    = {http://dblp.uni-trier.de/rec/bib/conf/aaai/KimZCOL13},
  bibsource = {dblp computer science bibliography, http://dblp.org}
}

@proceedings{DBLP:conf/aaai/2013,
  editor    = {Marie desJardins and
               Michael L. Littman},
  title     = {Proceedings of the Twenty-Seventh {AAAI} Conference on Artificial
               Intelligence, July 14-18, 2013, Bellevue, Washington, {USA}},
  publisher = {{AAAI} Press},
  year      = {2013},
  url       = {http://www.aaai.org/Library/AAAI/aaai13contents.php},
  isbn      = {978-1-57735-615-8},
  timestamp = {Tue, 17 Dec 2013 19:26:12 +0100},
  biburl    = {http://dblp.uni-trier.de/rec/bib/conf/aaai/2013},
  bibsource = {dblp computer science bibliography, http://dblp.org}
}


@inproceedings{jo2011aspect,
  added-at = {2012-03-07T11:10:55.000+0100},
  author = {Jo, Y. and Oh, A.H.},
  biburl = {http://www.bibsonomy.org/bibtex/20b3dac3ef833437732d14a5ebb1b0147/becker},
  booktitle = {Proceedings of the fourth ACM international conference on Web search and data mining},
  interhash = {c91b0b83ab33931f878666854d93af8d},
  intrahash = {0b3dac3ef833437732d14a5ebb1b0147},
  keywords = {aaai2012 review_relevant},
  organization = {ACM},
  pages = {815--824},
  timestamp = {2012-03-07T11:10:55.000+0100},
  title = {Aspect and sentiment unification model for online review analysis},
  year = 2011
}

@inproceedings{Lin:2009:JSM:1645953.1646003,
 author = {Lin, Chenghua and He, Yulan},
 title = {Joint Sentiment/Topic Model for Sentiment Analysis},
 booktitle = {Proceedings of the 18th ACM Conference on Information and Knowledge Management},
 series = {CIKM '09},
 year = {2009},
 isbn = {978-1-60558-512-3},
 location = {Hong Kong, China},
 pages = {375--384},
 numpages = {10},
 url = {http://doi.acm.org/10.1145/1645953.1646003},
 doi = {10.1145/1645953.1646003},
 acmid = {1646003},
 publisher = {ACM},
 address = {New York, NY, USA},
 keywords = {joint sentiment/topic model, latent dirichlet allocation, opinion mining, sentiment analysis}
} 

@inproceedings{Titov:2008:MOR:1367497.1367513,
 author = {Titov, Ivan and McDonald, Ryan},
 title = {Modeling Online Reviews with Multi-grain Topic Models},
 booktitle = {Proceedings of the 17th International Conference on World Wide Web},
 series = {WWW '08},
 year = {2008},
 isbn = {978-1-60558-085-2},
 location = {Beijing, China},
 pages = {111--120},
 numpages = {10},
 url = {http://doi.acm.org/10.1145/1367497.1367513},
 doi = {10.1145/1367497.1367513},
 acmid = {1367513},
 publisher = {ACM},
 address = {New York, NY, USA},
 keywords = {clustering, opinion mining, topic models},
} 
